2556 4696
194 1157 937 1324 'osnocrrrrr

492 1458 670 1475 Μ·

89 1715 120 1785 1.
134 1707 179 1782 V
174 1731 260 1787 noes
271 1707 453 1785 orationis
459 1705 663 1787 Democriti
671 1707 711 1786 A
714 1705 876 1816 bdcritne
882 1697 1065 1805 proprior.

172 2137 208 2196 ln
229 2135 312 2196 libris
331 2133 514 2211 Democriti,
545 2137 598 2216 qni
626 2133 665 2198 de
685 2135 826 2198 omnihus
853 2153 951 2222 paene
974 2129 1066 2194 rebus

87 2242 226 2324 scripsit,
256 2239 415 2332 permulta¹
437 2240 637 2324 legebantur,
672 2261 749 2324 quse
783 2261 855 2304 curn
878 2241 975 2324 patria
996 2261 1069 2323 sup-

84 2351 269 2434 peditasset,
294 2328 558 2432 grammaticorum
582 2346 736 2430 diligentia
758 2346 924 2438 colligendo
943 2353 974 2408 et
995 2345 1067 2405 illn-

86 2457 212 2520 stranda
225 2465 332 2518 essent.
372 2457 408 2515 ln
423 2473 491 2541 ¹quo
508 2454 577 2512 loco
598 2441 796 2512 nominandus
816 2464 860 2512 est
881 2450 1069 2524 Callimachi,

87 2563 192 2644 magni
214 2561 416 2642 grammatici,
436 2557 526 2631 πίναξ
545 2557 605 2618 τοῖν
628 2551 827 2638 Δημοκρίτου
847 2556 995 2638 gimundo
1014 2552 1070 2616 κοί

87 2662 324 2748 συνταγμάτων,
345 2643 375 2728 et
387 2664 653 2741 Hermesianaetis,
674 2665 706 2723 in
721 2667 844 2743 regione
858 2663 978 2724 Troade
993 2661 1070 2739 neti,

87 2774 164 2856 περί
182 2774 243 2838 coir
253 2773 450 2852 Δημοκρίτου
467 2769 578 2846 λέξεως
598 2764 718 2848 βιβλιοο
734 2769 778 2831 ἓν.
819 2767 931 2852 Atque,
947 2781 1069 2851 praeter

89 2883 206 2964 patrias
228 2900 316 2943 voces
336 2878 524 2962 alienasque,
551 2886 583 2943 et
603 2877 825 2944 accuratissima
845 2877 986 2969 doctrina
1001 2897 1071 2939 coe-

89 2998 156 3051 ctus
169 2998 199 3048 et
210 2987 414 3068 pulcherrimo
425 2985 545 3068 ingenio
560 2985 700 3046 incitatus
718 2986 804 3047 nouis
820 2984 916 3074 modis
936 2984 1068 3068 linguam

90 3093 254 3172 formabat,
275 3113 354 3174 quae
373 3090 480 3174 augeri
500 3089 608 3152 formis
626 3101 657 3153 et
675 3094 800 3172 ornari,
822 3089 985 3152 dnmmodo
1013 3089 1069 3152 do·

91 3210 175 3260 ctum
193 3198 337 3259 artificem
357 3195 535 3276 invenisset,
549 3197 672 3261 minime
688 3197 850 3260 cohiberet.
892 3195 939 3258 Ite
956 3197 1069 3258 forma-

89 3305 157 3381 bat,
177 3301 325 3382 flectebat,
345 3302 555 3386 componebat,
570 3301 772 3385 distinguebat
793 3324 847 3364 suo
867 3305 975 3377 modo,
1001 3303 1064 3364 Ho-

92 3411 170 3472 meri
191 3419 224 3472 et
244 3411 321 3492 epici
347 3410 490 3472 carminis
509 3407 642 3472 nitorem
667 3411 865 3492 sequebatur,
895 3409 982 3472 novis
1006 3409 1069 3490 ipse

94 3515 260 3578 verborum
286 3513 453 3579 luminibus
466 3513 630 3599 'splendens
651 3516 817 3578 incedebat.
853 3513 854 3518 ’

175 3621 313 3701 Quarum
336 3644 441 3686 rerum
460 3620 594 3704 exempla
614 3621 800 3705 paucissima,
821 3643 899 3705 quae
917 3623 1068 3698 feruntur,

96 3725 217 3810 collegi.
258 3731 399 3808 Quorum
417 3727 474 3791 alis
495 3729 617 3812 quidem
639 3729 756 3790 inutilia
777 3740 856 3807 sunt,
875 3729 945 3810 alia,
968 3728 992 3788 si
1015 3747 1068 3789 ne-

94 3844 200 3896 curate
219 3838 351 3900 animum
372 3835 514 3915 nuituis,
535 3837 688 3918 ingenium
707 3835 765 3900 viri
785 3833 948 3900 illustrant.

486 4021 675 4038 ,ιη-Ἣ
