2556 4696
447 446 649 507 *³1-

196 599 288 681 'dnm
310 619 458 698 fortuito,
479 612 561 682 nnlln
583 621 723 699 rationc3
744 619 928 688 omnin-tato
948 627 1027 702 lieri,

220 735 256 788 nt
275 727 306 788 id
328 728 424 790 latum
443 729 505 790 vim
526 719 709 790 necessltntls
732 727 850 789 efferat.

55 848 203 920 Ellotis·
248 857 412 938 Imagines,
442 877 519 938 quae
538 879 556 916 a
575 855 665 918 rebus
689 858 880 920 continenter
900 861 1033 937 fluentes,

220 963 424 1048 quodcunque
450 964 570 1026 illarum
591 975 657 1040 est,
694 986 796 1026 secum
825 959 969 1045 trahunt,
1001 982 1036 1032 et

214 1091 268 1154 per
288 1069 437 1149 foramina
450 1072 481 1131 in
496 1073 613 1132 animo's
632 1073 815 1154 immergunt
836 1075 950 1155 'eosque
966 1075 1035 1156 pul-

217 1182 304 1257 sant,
326 1173 513 1259 (σίσορῥεῖν,
543 1171 707 1260 ἄκυρ’ῥσὴ,
743 1172 798 1238 διὰ
831 1174 893 1240 τοῖν
933 1175 1039 1262 πόρων

215 1278 548 1363 ἐγκαταβυσσοῦσθαι,
572 1283 685 1361 κινεῖν,
710 1279 828 1364 κίνησις
835 1287 864 1362 ,J
882 1307 901 1346 a
925 1286 1038 1348 Demo·

218 1391 319 1464 crito,
362 1371 491 1470 praeter*
513 1389 682 1470 generalem
712 1410 819 1452 vocem
850 1383 1035 1474 α’πσρῥοίας,

218 1487 334 1554 εἴδωλα
352 1494 523 1553 nominatas
534 1514 609 1572 esse,
632 1512 736 1554 omnes
757 1491 888 1554 tradunt
909 1494 980 1557 inde
997 1497 1037 1559 cb

218 1598 379 1660 Aristotele
399 1599 437 1658 ad
456 1597 585 1659 ultimos.
626 1595 807 1680 Explicnbat
826 1609 928 1661 autem
946 1601 1037 1664 idolis

219 1706 278 1766 suis
298 1713 422 1786 praeter
444 1703 582 1786 physicas
604 1723 652 1765 res
676 1725 797 1782 sensus,
820 1707 959 1786 somnia,
984 1729 1037 1768 co-

220 1812 389 1894 gitationes.
432 1811 536 1892 Atque
560 1811 639 1870 inter
658 1831 763 1872 sensns
785 1810 816 1870 id
829 1832 924 1892 genus
946 1808 1036 1874 εἰδώ-

219 1919 291 1997 λων,
314 1917 399 2000 'qnod
423 1915 463 1978 nd
485 1916 581 1977 visnrn
598 1917 731 2000 pertinet
752 1904 943 1999 (αἶπορραας
957 1937 1036 1999 μορ-

218 2023 300 2108 φῆς,
325 2033 360 2087 ut
380 2005 613 2106 Theophrnstus
632 2019 723 2098 dicit)
740 2023 870 2105 propria'
887 2045 961 2085 voce
982 2045 1037 2086 no-

216 2132 345 2192 minasse
364 2131 495 2198 videtur.
516 2152 546 2192 v.
561 2127 695 2213 Etymol.
715 2151 814 2214 magn.
838 2153 867 2194 v.
887 2131 1036 2193 δείκελον·

217 2233 304 2320 παραὶ
326 2233 511 2324 Δημοκρίτῳ
542 2237 613 2302 κατ’
630 2225 713 2313 εἶδος
736 2230 831 2318 ὅμοια
848 2242 913 2311 τοῖς
934 2231 1034 2320 πράγ.

221 2365 319 2422 μασιν
347 2339 517 2432 α’πόρῥοια.
556 2345 687 2430 Hesych.
715 2345 852 2409 δείκελα·
881 2341 1035 2428 αἀόῤῥσα.

218 2453 312 2536 Apud
332 2453 458 2515 Latinos
480 2452 581 2514 Cetius
604 2451 764 2534 diligenter
785 2451 877 2514 vertit
903 2463 1030 2534 spectra,

219 2543 380 2618 Lueretius
399 2553 578 2640 plerumque
600 2555 774 2636 simulacra,
796 2557 828 2617 iu
849 2555 934 2617 cuius
953 2558 1034 2618 vocis

217 2667 324 2746 priore
351 2674 439 2746 parte
470 2662 626 2740 (simulac)
664 2659 769 2725 ludere
799 2663 873 2725 mihi
904 2663 1033 2740 videtur,

219 2768 271 2830 ubi
295 2767 386 2830 dicit:

273 2909 356 2990 Ergo
372 2908 469 2970 multa
487 2907 572 2970 brevi
585 2909 685 2990 spatio
697 2907 857 2970 simulacro
877 2917 1035 2990 geruntur,

276 3033 323 3094 Ut
343 3031 454 3096 morito
474 3033 557 3094 celer
574 3031 620 3096 his
643 3032 733 3096 rebus
751 3035 873 3096 dicmw
893 3034 989 3114 origo.

188 3197 191 3203 ·
222 3165 279 3241 lV,
311 3168 376 3229 161.
418 3166 625 3249 separandum
656 3166 715 3227 hoc
746 3187 839 3249 genus
858 3171 1033 3252 imaginum

224 3283 268 3333 est
290 3296 307 3334 a
329 3275 457 3335 deorum
481 3271 588 3350 idolis,
623 3293 700 3354 qnae
717 3319 718 3324 η
734 3275 887 3336 immerito
908 3277 1036 3362 Themi·¹

223 3379 297 3441 stius
329 3390 359 3441 et
386 3379 517 3442 Michacl
545 3378 693 3462 Ephesius
722 3379 763 3440 ed
786 3379 957 3445 Aristotelis
984 3383 1034 3445 di-

222 3488 316 3548 vinat,
347 3507 401 3568 per
429 3509 526 3553 somn.
548 3509 580 3549 n.
612 3487 792 3555 attulerunt.
831 3489 961 3566 Restat,
995 3500 1030 3552 ut
1082 3558 1090 3570 ‚

222 3595 312 3655 verba
324 3597 475 3656 Ciceronis
496 3597 684 3676 interpreter
697 3595 735 3658 cle
745 3604 808 3661 nat.
821 3594 906 3659 deor.
918 3599 960 3676 ll,
973 3599 1031 3659 so:

220 3699 351 3782 primum
376 3711 426 3760 aut
445 3699 617 3780 negandum
635 3709 680 3759 est
701 3716 766 3760 esec
784 3698 874 3778 cleos,
895 3699 978 3782 quod
1001 3711 1031 3762 et

223 3805 416 3866 Democritus
437 3805 595 3866 simulacra
608 3809 638 3865 et
651 3804 801 3884 Epicurus
816 3806 960 3887 imagines
979 3805 1028 3866 in.

222 3911 336 3972 ducens
365 3911 495 3992 quodam
524 3922 617 3992 pecto
647 3920 772 3992 negant.
829 3913 865 3972 ln
883 3929 944 3991 quo
963 3912 1031 3974 loco

222 4015 336 4094 haeres,
349 4020 373 4078 si
395 4019 557 4077 meministi
580 4015 702 4078 alterins
722 4016 778 4077 loci
801 4018 840 4078 de
860 4027 923 4077 not.
945 4017 1029 4083 deor.
