2556 4696
585 431 790 495 ...18-

201 635 267 680 snm
290 615 435 678 cursitare
454 611 559 674 solent.
603 613 704 691 Quare
732 629 788 692 per
817 625 848 669 se
872 591 993 666 minime
1021 601 1168 664 damuan-

205 723 277 784 dum
299 718 524 795 esse'vidotur,
555 715 636 797 quod
656 723 779 774 narrant
806 711 986 774 Plutarchus
1006 708 1084 792 plue.
1106 709 1178 790 phi.
1259 773 1260 798 4

203 833 256 892 los.
280 828 346 906 IV,
364 825 413 904 5,
441 822 572 884 Guleuus
599 841 625 884 e.
647 819 704 895 28,
734 816 944 880 Theodoreus
972 827 1032 876 nat.
1059 814 1175 874 bomin.
1259 819 1260 866 t

203 957 233 1016 p.
255 929 326 1011 545.
341 931 429 1010 546..
453 925 699 1014 praestantiorem
720 922 871 1006 quondam
890 921 983 983 animi
1004 929 1122 1004 purtem
1143 921 1177 980 in
1259 919 1260 974 Ξ

206 1035 304 1121 cupite
324 1033 447 1100 versari
490 1031 604 1094 Tamen
623 1049 683 1093 nou
705 1048 811 1113 urgeo.

289 1146 375 1222 Quae
395 1151 547 1222 utcunque
570 1135 649 1217 sint,
673 1149 765 1198 restat
785 1135 887 1220 gravis
909 1133 1043 1218 quaestio
1064 1134 1102 1195 de
1122 1155 1178 1193 ve.
1259 1183 1260 1208 ,

204 1247 293 1312 ritate
313 1247 528 1330 cognoscenda.
582 1247 617 1306 ln
649 1263 710 1326 quo
739 1247 805 1306 loco
839 1245 1009 1305 testimonia
1038 1249 1179 1302 veterum
1259 1231 1260 1234 ¹

207 1369 269 1418 tam
286 1356 412 1438 'diversa
434 1353 516 1434 loqui
536 1354 600 1414 visu
623 1363 712 1431 sunt,
747 1363 783 1414 ut
804 1351 864 1412 duo
885 1355 1068 1432 potissimum
1090 1351 1179 1432 paria

204 1461 428 1524 contrariorum
450 1463 588 1542 componi
609 1451 732 1542 possint.
784 1457 831 1520 Ac
852 1461 983 1542 primum
1005 1459 1181 1540 Aristotelis

207 1560 362 1630 verbasci
385 1560 561 1648 φαινόμενα
577 1557 656 1628 εἶναι
675 1565 779 1648 α’ληθῆ
799 1565 841 1627 illi
865 1588 926 1628 nou
948 1568 1115 1628 consentire
1130 1571 1181 1629 vi-

208 1674 335 1748 dentur,
368 1673 449 1756 quod
474 1671 672 1734 ‘Democritus
700 1689 804 1732 seusus
824 1672 862 1732 ed
883 1668 1040 1734 veritatem
1067 1693 1184 1755 coguo-

207 1781 350 1843 scendam
366 1801 492 1863 prorsus
512 1777 631 1842 inutiles
646 1771 815 1842 declaravit.
846 1779 902 1840 Est
914 1791 1015 1840 autem
1028 1778 1079 1839 illa
1091 1782 1183 1860 prin.

207 1885 314 1969 cipalis
335 1885 482 1968 quaedam
499 1885 708 1945 Atomicorunr
730 1895 760 1943 et
776 1877 1039 1964 χαρακτ4ριστικὴ
1061 1891 1186 1944 seuten-

205 1995 271 2072 tia‚
305 2009 368 2074 qua
389 1981 562 2070 φαινόμενα
583 1997 700 2046 tautum
722 2007 795 2048 vera
821 2009 883 2049 csse
906 1991 1029 2070 dicunt,
1061 2013 1184 2053 omnem

206 2111 362 2179 praeterea
383 2095 443 2156 vim
465 2087 590 2173 negant,
624 2095 725 2155 omnia
755 2095 878 2156 omnino
904 2097 1011 2158 atomis
1028 2098 1091 2160 suis
1111 2098 1184 2160 red-

208 2201 286 2262 ¹dunt
307 2189 529 2278 vindicautque.
572 2199 630 2271 Ita,
650 2199 703 2259 ubi
724 2203 847 2282 propria
867 2205 959 2264 animi
979 2205 1023 2266 vis
1041 2217 1185 2288 negatur,

209 2299 244 2366 ea
265 2304 410 2366 sententia
429 2301 651 2386 interponitur:
680 2299 713 2366 τό
734 2299 794 2388 γὰρ
817 2299 934 2388 ἀληθὲς
954 2299 1033 2370 εἶναι
1053 2306 1086 2372 τό
1106 2333 1187 2396 φαι-

209 2405 345 2488 νόμενον.
385 2413 484 2496 Atque
505 2411 629 2473 omnino
650 2409 684 2473 ἒν
703 2417 767 2485 τοῖς
782 2415 980 2497 φαινομένοις
998 2436 1071 2478 vera
1089 2440 1186 2500 quae-

208 2515 303 2578 reuda
332 2527 418 2595 suot,
455 2530 547 2600 quare
580 2520 613 2578 in
644 2519 820 2583 universum
851 2523 933 2586 ratio
962 2519 1092 2587 hahetur
1119 2525 1186 2590 τῶν

212 2623 428 2722 φαινομένων·

368 2725 440 2792 ἔνιαι
471 2719 548 2792 Ἡ
523 2747 616 2816 punto
649 2725 685 2792 τό
716 2723 883 2814 αληθὲς’
867 2756 900 2795 εν
931 2735 974 2819 τῶ
999 2739 1182 2818 φαίνεσθαι,
1259 2789 1260 2818 ,

375 2835 510 2958 ironia„
525 2835 560 2898 ut
575 2858 627 2898 και
646 2825 759 2920 insuper
779 2833 817 2903 τό
833 2833 1022 2924 φαινόμενα,
1043 2839 1081 2906 toi
1103 2845 1186 2928 σχή-

375 2961 460 3016 ματα
488 2963 603 3024 ανιειρα
631 2943 789 3027 ἕαοί4σαν.
834 2953 962 3060 Aristot.
990 2967 1127 3035 generat.
1151 2969 1182 3020 et

376 3053 513 3127 corrupt.
535 3047 558 3124 1,
583 3069 611 3110 α.

212 3151 326 3211 Verum
354 3171 413 3213 uon
443 3146 561 3214 omnia
576 3167 647 3218 verti
669 3171 758 3241 sunt,
795 3185 870 3246 quae
898 3165 1012 3242 oculis,
1048 3169 1183 3250 auribus,

213 3257 349 3318 sensibus
377 3261 439 3321 suis
469 3249 606 3324 homiues
634 3268 829 3350 percipiunt3
859 3267 896 3332 τό
918 3271 1091 3355 φαινόμενό
1119 3275 1186 3338 ἐστι

211 3359 251 3424 roi
274 3361 390 3444 α’ληό4,
415 3369 470 3426 etsi
491 3367 627 3432 obscuris
648 3368 807 3435 bominum
826 3389 856 3438 et
874 3381 1069 3443 tenebricosis
1089 3383 1182 3444 seusi-

213 3467 289 3548 hus,
310 3468 399 3550 quale
419 3469 559 3553 quodque
580 3473 617 3536 sit
635 3476 683 3538 vel
704 3501 766 3540 uon
786 3481 847 3560 sit,
867 3505 930 3545 non
953 3481 1142 3570 perspicitur.
1167 3556 1168 3560 ,

294 3575 397 3656 Atque
416 3571 539 3638 alterius
558 3586 777 3646 coutroversiae
797 3592 959 3667 partes‘ita
976 3595 1185 3672 proteguntur.

215 3681 250 3742 Iu
270 3681 364 3743 altera
387 3693 472 3763 parte
491 3687 685 3769 Aristotcles,
721 3693 909 3776 gravissimus
931 3707 1056 3772 auctor,
1086 3696 1125 3758 οό
1146 3693 1184 3780 tir}

170 3793 171 3803 ¹
215 3788 347 3867 χρῆται,
376 3791 490 3870 inquit,
519 3789 560 3877 τῷ
582 3793 624 3878 νῷ
646 3792 687 3867 ὦς
716 3795 847 3877 όννόμει
868 3803 929 3864 νινί
945 3795 1019 3883 περὶ
1036 3799 1091 3884 τήν
1111 3801 1187 3883 α’λή-

212 3885 320 3970 θειαν,
349 3889 426 3956 uttu
448 3893 561 3958 ταότόν
581 3901 660 3979 λέγει·
682 3899 789 3982 ψυχὴν
818 3902 872 3968 καὶ
901 3907 993 3973 ναόν·
1037 3911 1067 3970 io
1089 3910 1185 3972 alteru

215 3997 322 4056 Sextus
346 4001 542 4086 Empiricus‚
563 4005 658 4066 levior
677 4009 799 4088 quidem
825 4037 950 4095 perse,
979 4019 1031 4079 sed
1052 4017 1136 4080 libris
1154 4027 1184 4079 et
