2556 4696
653 413 856 476 ...32-

427 589 450 664 i,
472 589 526 664 43.
568 587 674 652 Cim
687 587 738 650 itio
751 587 908 670 distinguit
924 589 1007 650 iuter
1030 584 1219 664 simulacra
1237 597 1256 644 et

426 693 579 774 imagines.
601 693 767 754 Sinuleors
780 686 1159 756 castrametamur
1173 691 1256 770 signi.

425 794 533 874 fleant,
561 797 704 878 imagines
726 795 790 857 ilios
811 797 936 878 Epicuri
957 789 1036 859 deos
1044 843 1062 882 Ι,
1099 800 1160 881 qui
1182 793 1256 878 quasi

415 887 531 982 ¹corpus
550 900 665 962 habent
686 911 717 962 et
733 903 819 984 quasi
838 905 1025 987 sanguinem.

262 999 439 1080 Ἐπὰλλαξις
458 1005 512 1068 καί
531 1001 699 1082 διάλλαξις.
722 1029 751 1069 v.
771 1005 934 1087 σύγκρισις
952 1005 1009 1070 καὶ
1030 1007 1219 1090 διάκρισις.

261 1109 344 1200 Ἐτεῇ
363 1106 401 1173 rai
422 1101 523 1190 ἄτομα
541 1105 637 1190 μόνον
663 1107 731 1176 ἐστὶ
750 1108 805 1176 καὶ
822 1107 920 1176 κενόν.
975 1115 1138 1182 Primum
1168 1118 1251 1186 enim,

423 1239 621 1302 quaeeunque
653 1240 783 1301 corpora
816 1230 1004 1298 cernuntur,
1044 1245 1121 1286 non
1155 1240 1250 1282 revera

423 1327 567 1394 continua
585 1335 671 1402 sunt,
700 1325 773 1404 sed,
804 1347 838 1386 ex
862 1330 969 1388 atomis
996 1339 1028 1391 et
1056 1333 1155 1392 inani
1176 1347 1251 1389 com-

423 1433 539 1512 posita,
563 1440 651 1492 tactu
671 1441 790 1492 tantum
810 1431 990 1495 cohaerente
1031 1437 1130 1498 Dein
1153 1453 1248 1520 omnes

423 1558 526 1598 rerum
545 1535 704 1620 qualitates
732 1537 771 1598 ad
795 1545 965 1600 atomorum
986 1541 1137 1624 σχῆμα,
1168 1539 1248 1620 μέγι-

422 1645 490 1719 tog,
512 1645 611 1722 θέσιν,
632 1643 720 1718 τάξιν
732 1645 907 1707 referendae
927 1657 1006 1707 sunt.
1037 1653 1094 1710 Ac
1109 1649 1153 1710 de
1168 1644 1245 1729 gravi

425 1759 456 1810 et
477 1748 559 1830 levi,
580 1751 618 1811 de
638 1751 715 1811 duro
735 1751 899 1834 mollique,
927 1752 966 1812 de
986 1749 1182 1827 coloribus,
1207 1768 1245 1808 sa·

425 1859 552 1940 poribus
579 1869 634 1919 oet
664 1869 693 1919 et
715 1859 942 1940 Theophrastus
969 1855 1042 1940 περὶ
1065 1853 1242 1936 αἰσθήσεως

424 1975 563 2026 accurate
582 1965 732 2042 exposuit,
757 1985 856 2046 neque
876 1964 965 2024 huius
984 1961 1042 2023 ioci
1069 1973 1123 2027 est
1148 1962 1242 2042 dispo·

422 2079 509 2144 tare3
532 2068 569 2128 de
589 2086 650 2128 uno
669 2066 806 2129 breviter
827 2069 933 2148 dicem,
958 2069 1040 2154 quod
1057 2069 1237 2152 Theophra·

327 2213 330 2236 .
422 2183 484 2232 stus
505 2172 647 2250 (fortasse
662 2171 696 2234 ἒν
713 2154 776 2244 wig
790 2178 934 2256 φυσικοῖς
952 2176 1107 2256 copiosius
1131 2183 1235 2237 tracta·

334 2337 337 2345 Α
421 2287 496 2338 tum.
518 2298 550 2338 v.
562 2275 669 2358 Simpi.
691 2275 728 2340 de
746 2279 908 2364 coe14139.
926 2279 956 2346 b.
983 2281 1049 2360 τῷ,
1063 2290 1117 2360 a.)
1141 2283 1172 2342 in
1191 2274 1233 2338 iilo

422 2380 525 2444 libello
546 2403 607 2444 non
627 2383 685 2444 nisi
705 2385 819 2466 tangit,
841 2383 973 2446 calidum
989 2383 1058 2444 dico
1076 2384 1231 2467 frigidum·

421 2511 491 2572 que.
553 2493 597 2551 Ae
633 2491 766 2574 primurn
794 2489 976 2554 monendum
1007 2499 1054 2552 est
1089 2491 1186 2552 calidi
1209 2494 1232 2546 et

362 2573 365 2578 ¹
422 2595 524 2676 frigidi
544 2604 683 2654 naturam
705 2594 818 2654 nullam
842 2618 919 2674 esse,
950 2595 1002 2656 sed
1035 2595 1157 2678 figuras
1185 2591 1229 2654 ad·

375 2741 377 2744 -
423 2704 581 2766 venientes
615 2701 697 2763 illam
725 2702 862 2782 corporis
897 2701 1085 2762 affectionem
1118 2703 1231 2764 offerre.

424 2810 532 2872 Calido
553 2820 655 2871 autem
675 2810 865 2869 Democritus
885 2810 917 2868 in
941 2806 1114 2868 universum
1129 2820 1229 2868 rotun·

422 2917 475 2976 das
498 2916 607 2997 figuras
636 2914 718 2976 dedit
743 2925 774 2976 et
794 2915 934 2998 exiguas,
969 2912 1079 2995 frigido
1106 2925 1253 2975 ceteras

304 3047 309 3060 ·
375 3053 377 3060 ·
424 3025 543 3100 Atque,
574 3021 650 3080 sicut
670 3019 701 3080 in
723 3020 863 3098 homine,
894 3023 938 3080 ita
960 3039 1160 3101 peromnem
1182 3037 1229 3078 na·

425 3138 523 3186 tarem
545 3124 694 3188 rotundae
717 3147 889 3208 parvaeque
908 3127 1022 3200 atomi,
1044 3147 1115 3187 eum
1133 3121 1227 3188 omnis
1251 3199 1252 3210 ἵ

349 3261 352 3266 ·
426 3242 524 3300 motus
544 3231 581 3292 iis
607 3233 740 3311 oriatur,
767 3235 867 3292 anima
885 3233 970 3314 quasi
996 3233 1130 3295 universi
1153 3236 1228 3294 sunt

426 3338 519 3418 Quod
538 3350 639 3402 autem
658 3340 735 3419 ignis
765 3338 883 3400 mobilis
907 3348 1003 3400 estet
1025 3341 1105 3418 urit,
1139 3339 1227 3419 figura

427 3445 615 3536 explicatum
635 3447 788 3528 rotundae
807 3446 887 3506 enin
907 3451 1000 3508 atomi
1021 3445 1226 3532 nobilissimae

426 3566 498 3615 sunt
524 3548 588 3628 dui,
611 3549 647 3615 sti
675 3551 849 3634 ἐλαχίστων
879 3545 1050 3627 ἅπτεσθαι,
1081 3563 1128 3628 et,
1163 3548 1224 3632 quis

426 3641 551 3743 sphaera
570 3669 636 3720 tota
655 3660 782 3742 angulus
802 3669 855 3738 est,
876 3670 978 3726 urunt.
998 3653 1098 3732 (διότι
1117 3654 1152 3719 τὰ
1172 3652 1224 3734 μὲν

424 3759 497 3826 ὅλον
517 3761 587 3828 ἐστὶ
603 3765 701 3846 γωνία
717 3801 758 3812 -
770 3764 953 3851 Δημοκρίτῳ
970 3757 1036 3843 diri
1054 3768 1172 3848 σφαῖρα
1185 3754 1223 3826 οἷς

420 3870 514 3946 γωνία
535 3892 581 3942 τις
608 3859 687 3934 οὖσα
718 3869 822 3948 τέμνει
852 3873 976 3937 Aristot.
1004 3868 1080 3932 coel.
1109 3871 1159 3944 111,
1180 3865 1221 3930 8.)

425 3976 511 4052 Quae
533 3985 634 4036 autem
665 3975 800 4038 rotundis
829 3987 859 4038 et
879 3977 991 4058 magnis
1022 3976 1128 4038 atomis
1150 3991 1216 4034 oon·
