2556 4696
560 419 817 495 .-tn-

314 597 395 659 Xlll.
440 596 548 681 neap*
578 596 858 679 oattat‘tpaa·
890 599 930 663 ἓν
952 603 1088 689 βυθῷ
1110 587 1230 684 γὰρὴ

233 702 255 768 α’
263 697 415 785 tridacna.
434 705 563 768 Ciceros
589 718 628 784 et,
650 718 683 768 ut
704 709 910 783 Democritus,
936 711 972 770 in
989 712 1163 792 profundo
1187 734 1228 773 ve-

231 815 349 874 ritatem
375 834 438 875 esse
459 813 638 893 demersam,
660 814 727 888 vel,
760 829 899 878 naturam
923 839 1066 892 accusa,
1104 841 1183 902 quae
1203 823 1229 878 in

231 919 380 1000 profundo
404 923 574 998 veritatem,
604 933 637 982 ut
658 923 699 982 ait
720 923 926 1003 Democritus,
950 929 1093 1007 penitus
1117 929 1230 990 abstru-

156 1061 174 1089 ¹·
232 1025 316 1084 serit.
350 1025 437 1088 Philo
465 1025 596 1088 Iudaeus
618 1038 647 1088 et
666 1029 840 1092 Lactantius
861 1031 973 1113 gentile
1002 1033 1135 1096 dictum
1164 1033 1227 1094 alla-

230 1142 325 1208 trant,
348 1134 516 1210 veritatem,
536 1133 670 1196 divinam
690 1157 768 1212 rem,
786 1158 847 1198 non
865 1139 897 1198 in
912 1148 1028 1218 puteo,
1050 1141 1110 1202 sed
1127 1142 1159 1200 in
1173 1139 1226 1200 alto

230 1251 348 1316 monte,
384 1241 445 1302 imo
472 1241 505 1305 in
538 1241 604 1324 ipso
625 1241 708 1304 eaelo
732 1247 864 1327 positam
893 1267 956 1308 esse
979 1249 1222 1310 contendentes.

230 1347 278 1408 De
297 1347 419 1408 homine
439 1348 632 1408 Democritus
654 1347 696 1408 ita
717 1348 816 1411 dicere
840 1355 960 1434 coepitr

311 1489 395 1548 XlV.
429 1477 669 1569 ’Ἄνθρωπός
698 1485 806 1567 ἐστι,
831 1481 858 1548 t
884 1484 1059 1566 πάντες
1093 1491 1219 1572 ἴδμεν.

232 1599 309 1658 Sexta
330 1596 446 1678 Empir.
473 1593 543 1674 424.
573 1617 622 1678 72.
656 1595 747 1675 Quod
771 1596 945 1659 Aristoteles
971 1610 1006 1659 et
1034 1611 1174 1662 testatur
1197 1608 1222 1656 et

231 1704 361 1765 illustrat
383 1703 421 1764 de
445 1715 525 1787 part.
547 1705 668 1766 animal.
693 1708 715 1784 l,
740 1725 764 1767 1.
797 1703 903 1786 εἰμὲν
925 1695 982 1768 οὖν
1007 1709 1056 1795 τῷ
1087 1706 1220 1790 σχήματι

232 1811 346 1898 καὶτῷ
365 1807 513 1894 χρώματι
533 1810 662 1874 ἕκαστόν
676 1812 756 1891 Ιἐστι
776 1815 838 1875 τῶν
854 1832 889 1874 τε
912 1807 1000 1888 ζώων
1022 1811 1083 1877 καὶ
1106 1815 1170 1876 τῶν
1190 1830 1217 1870 rs

234 1917 364 2003 μορίων,
388 1909 555 2002 o’pdoicf'dv
574 1917 769 2000 Δημόκριτος
787 1921 890 1998 λέγοι·
911 1919 1064 2002 φαίνεται
1086 1915 1151 2003 γὰρ
1174 1907 1216 1978 oil-

232 2052 292 2103 τως
306 2025 489 2106 ὑπολαβεῖν·
510 2025 589 2106 φησί
608 2019 667 2104 γὰρ
693 2018 785 2109 uuiaet
797 2025 890 2106 δῆλον
909 2018 998 2104 εἶναι,
1015 2021 1089 2090 οἷον
1104 2020 1155 2089 ὅτι
1167 2017 1213 2101 τήν

213 2134 358 2218 ·μορφη’ν
376 2133 443 2197 ἐστι
464 2125 636 2214 ἄνθρωπος.
664 2136 710 2195 De
731 2137 939 2216 procreatione
961 2116 1101 2199 hominis
1115 2139 1159 2198 ita
1174 2135 1214 2192 da

235 2245 307 2316 cuit,
331 2263 431 2302 semen
451 2243 607 2322 utriusque
624 2263 710 2304 sexus
730 2265 747 2303 e
766 2253 830 2302 toto
844 2265 971 2324 corpore
982 2245 1211 2327 praecipuisque

236 2355 298 2414 eins
327 2349 463 2432 partibus
481 2347 662 2426 confluere,
690 2349 733 2410 ita
760 2358 795 2410 ut
814 2348 905 2409 homo
926 2348 1003 2410 alius
1030 2371 1068 2412 ex
1095 2355 1212 2415 homine

235 2460 371 2542 prosilire
390 2459 539 2522 videatur.
561 2459 607 2518 De
626 2479 686 2542 qua
706 2479 739 2518 re
758 2457 815 2518 hoc
833 2457 949 2518 dictum
970 2457 1093 2523 fertur:

314 2599 389 2663 XV.'
426 2591 632 2676 Ξυνουσιή
649 2594 797 2677 σμικρή
821 2594 1082 2681 ἅποπληξιή·
1102 2599 1205 2672 ε”ξέσ-

234 2730 354 2772 nosos
371 2702 446 2788 γὰρ
469 2695 676 2785 ἄνθρωπος
695 2703 977 2784 ἐξᾶνθρώπου.
1004 2707 1072 2768 Hoc
1087 2707 1205 2790 quidem

100 2865 102 2870 ,
188 2897 190 2902 Α
233 2813 312 2896 apud
327 2835 422 2872 unum
439 2811 603 2874 Stobaeum
625 2811 679 2887 Vt,
704 2809 751 2892 57.
775 2811 897 2895 Reliqui
919 2814 1008 2890 enim,
1030 2815 1203 2898 quicunque

167 2987 173 2995 ,
232 2921 281 2982 vel
302 2919 473 2978 Democrito
492 2915 541 2977 vel
561 2915 611 2976 alii
632 2917 689 2976 hoc
704 2917 820 2978 dictum
832 2919 1014 2994 tribuerunt,
1035 2917 1202 3002 enitamur

194 3021 199 3027 ’
232 3029 425 3108 seripserunt.
447 3023 483 3081 In
506 3034 608 3084 nostro
628 3021 696 3084 loco
719 3021 912 3104 ἆποπληξίαν
932 3028 1122 3086 retinendam
1143 3041 1200 3084 esse

231 3143 305 3216 puto
323 3142 447 3214 propter
471 3128 572 3190 addita
592 3129 683 3190 verba
700 3122 864 3205 ἐξὲσσυται
883 3125 943 3211 yoip
972 3154 1001 3199 κ.
1020 3153 1044 3200 t.
1067 3136 1115 3210 λ.,
1142 3131 1201 3214 qui·

230 3245 287 3304 bus
316 3239 393 3300 ratio
422 3237 511 3300 reddi
538 3237 676 3310 videtur,
705 3259 762 3300 cur
787 3248 947 3320 tantopere
974 3239 1109 3302 homines
1136 3247 1199 3320 post
1251 3293 1252 3306 ,

231 3351 475 3412 'rem‘veneream
494 3345 612 3407 viribus
632 3347 750 3408 iaceant
772 3344 915 3414 destituti,
936 3348 977 3409 Et
997 3351 1028 3408 in
1050 3371 1085 3410 ea
1098 3368 1131 3406 re
1146 3366 1197 3424 po·

230 3460 379 3524 tissimum
409 3453 575 3520 similitudo
600 3475 670 3514 cum
698 3453 855 3536 apoplexia
877 3466 1023 3541 versatur.
1057 3453 1083 3513 E
1109 3451 1196 3510 libris

231 3569 268 3630 de
295 3563 474 3628 animalibus
499 3560 588 3642 (περὶ
609 3553 696 3636 ζώων
714 3563 758 3639 γ’)
779 3583 840 3622 non
869 3583 966 3643 pauca
992 3559 1130 3623 Aelianus
1156 3557 1193 3616 ad

116 3703 119 3708 ¹
229 3676 353 3738 verbum
374 3671 585 3752 transscripsit.
625 3671 722 3748 Quae,
747 3671 801 3752 etsi
819 3670 900 3732 lectu
921 3669 1098 3755 dignissima,
1119 3664 1192 3725 mihi

228 3803 288 3844 non
307 3782 384 3843 tanti
408 3789 506 3854 erant,
531 3788 564 3839 ut
584 3777 684 3840 denuo
705 3795 899 3858 apponerem.
919 3777 1024 3838 Unum
1045 3775 1095 3838 hic
1115 3772 1190 3854 lega·

226 3897 278 3950 tur
299 3889 337 3952 de
357 3886 448 3956 mulo.¹

305 4039 390 4100 XVI.
432 4029 491 4116 Ma}
514 4028 572 4113 γὰρ
595 4025 674 4094 εἶναι
697 4026 822 4113 φύσεως
842 4030 959 4112 ποιῇμα
980 4030 1037 4115 τὴν
1058 4028 1185 4113 ἡμίονον,
