2556 4696
110 1247 197 1282 “·
282 1268 817 1423 ,1110111101111111
1052 1246 1057 1390 ζ

491 1559 654 1572 Μ

182 1862 322 1935 Trihus
356 1849 614 1965 potissimum„
629 1861 676 1934 de
715 1859 833 1936 causis
870 1856 1066 1932 historiam

85 1983 346 2088 philosophiae
370 2008 523 2084 graecae
554 2011 577 2057 a
602 1981 805 2086 philologis
831 1978 1068 2056 tractandam

85 2132 159 2182 esse
184 2106 360 2192 arbitror.
411 2106 595 2196 Primum,
618 2105 710 2210 quia
733 2129 820 2210 parc
838 2103 1069 2208 philologiae

85 2247 157 2315 est,
182 2254 309 2331 neque
330 2228 496 2330 cognitio
520 2227 761 2330 antiquitatis
785 2225 1020 2314 exhauritur,
1037 2227 1069 2298 si

85 2349 289 2452 praecipua
313 2348 499 2449 quaedam
519 2371 606 2450 pars
626 2345 869 2446 relinquitur.
899 2436 901 2440 ¹
921 2349 1070 2424 Deinde

86 2471 178 2570 quia
203 2469 486 2578 philologorum
503 2495 626 2578 opera
654 2471 694 2545 in
722 2469 788 2546 illa
814 2473 995 2557 collocata
1024 2501 1073 2548 ne
1123 2497 1124 2502 ’

87 2617 194 2676 nunt:
211 2591 369 2694 quidam
387 2620 663 2698 supervacanea
681 2591 864 2674 rideatur.
900 2595 1072 2684 Accedit,

88 2713 192 2818 quod
208 2717 329 2790 multa
347 2718 404 2789 vel
424 2715 468 2788 in
491 2714 535 2788 iis
553 2715 810 2817 scriptoribus,
837 2715 906 2816 qui
926 2716 975 2789 ah
993 2743 1072 2792 om-

88 2840 203 2914 nibus
227 2842 429 2942 leguntur,
455 2839 558 2936 velut
585 2838 626 2912 in
654 2837 844 2940 Cicerone,
865 2837 1074 2939 ,inveniun-
1107 2841 1109 2844 ’

91 2980 170 3052 tur,¹
187 2953 300 3064 quae,
322 2960 394 3069 nisi
412 2945 583 3061 graecam
600 2957 882 3063 philosophiam
898 2979 1074 3041 accurate

90 3084 315 3185 cognoveris,
336 3083 491 3187 penitus
508 3107 585 3157 non
607 3081 818 3185 perspicies.
843 3087 942 3158 Sunt
957 3083 1072 3158 etiam

92 3207 186 3281 aliae
218 3208 398 3300 rationes,
434 3231 528 3308 quas
561 3231 666 3280 nunc
699 3206 821 3280 mitto.
878 3205 1072 3280 Sufficiant

93 3329 195 3408 enim
219 3327 356 3402 illaad
380 3327 599 3404 institutum
624 3327 740 3402 huius
764 3329 886 3402 libelli
910 3326 1074 3430 proban-

94 3450 195 3525 dum.
220 3457 345 3552 Atque
356 3449 563 3526 Democriti
578 3448 624 3524 de
636 3452 762 3526 anima
776 3449 951 3524 doctrina
969 3475 1075 3553 prae·

98 3574 206 3676 cipue
229 3573 386 3656 lacunis,
411 3559 584 3657 tenebris,
611 3574 803 3648 erroribus
827 3572 997 3656 laborat3
1022 3573 1075 3647 ita

95 3713 138 3766 ut
164 3719 287 3796 neque
313 3694 403 3768 lines
428 3694 656 3796 philologiae
681 3693 776 3768 mihi
802 3693 932 3773 videar
957 3716 1076 3774 trans·
1198 3697 1204 3701 ’

97 3821 178 3901 isse,
208 3843 331 3919 neque
356 3817 531 3895 inutilem
561 3836 599 3890 ct
617 3819 849 3921 superfluam
880 3845 959 3895 rem
985 3823 1075 3924 egis·

96 3968 140 4014 se.
181 3941 228 4014 Et
250 3958 398 4042 praeter
428 3939 704 4042 psychologiam
737 3941 916 4043 reliquias
947 3947 1073 4044 magni
