2556 4696
549 387 834 464 ’-54-

244 575 326 638 tibus
345 573 458 652 latinia,
489 573 527 636 de
547 573 671 636 historia
692 569 862 636 litterarum
883 587 1102 652 romanarum,
1130 569 1170 634 de
1192 593 1229 635 re

247 683 371 744 metrica
401 684 602 743 Graecorum-
624 689 656 742 et
683 677 892 740 Romanorum
919 677 990 740 adii.
1038 677 1253 741 fleturi-³

245 788 380 850 chium
399 787 575 864 audiebam,
606 805 676 847 oum
697 783 948 868 interpretabatur
966 783 1066 846 Taciti
1086 784 1227 864 annales,

165 921 170 940 v
245 891 395 954 luvenalis
414 895 530 971 satiras,
551 891 652 954 Persii
668 891 785 969 satiras,
806 889 928 952 Horatii
948 910 1112 962 sermones,
1132 893 1228 966 (sati-

241 1019 290 1062 ras
310 1011 341 1062 et
360 997 538 1082 epistolas‚)
563 998 714 1060 Ciceronis
736 995 829 1059 libros
857 995 895 1059 de
929 1017 963 1058 re
989 997 1132 1080 publica,
1169 999 1227 1060 Ci.

245 1104 360 1166 caronis
388 1106 556 1165 orationem
577 1123 633 1186 pro
653 1105 792 1181 Murena,
813 1101 943 1184 denique
961 1101 1079 1184 mythos
1100 1123 1228 1184 graecos

190 1289 195 1298 Ι
243 1210 283 1272 ad
306 1209 419 1272 librum
442 1208 630 1292 Apollodori.
673 1207 818 1272 itaet-ii
850 1209 1087 1292 interpretationi
1119 1209 1225 1272 Persa·

243 1336 312 1376 rum
333 1325 364 1378 et
381 1313 643 1378 exercitationibus
663 1313 778 1376 criticis
792 1307 931 1378 interlui.
973 1313 1225 1378 Welckerum

244 1419 346 1480 audivi
368 1419 540 1480 Aristotelis
558 1427 657 1480 artem
675 1419 834 1501 poeticam,
855 1411 1015 1502 Sophoclis
1030 1420 1224 1502 Antigonenr,

244 1525 363 1588 Horatii
393 1527 528 1587 carmina
559 1524 769 1586 illustrantem.
802 1527 857 1586 =De
885 1525 1003 1586 Andria
1026 1527 1169 1589 Terentii
1197 1541 1224 1590 et

242 1630 413 1695 Aristotelis
440 1633 672 1714 artispoeticae
694 1633 897 1714 prioreparte
920 1631 1111 1694 Ritterus
1135 1633 1225 1696 disse-

243 1739 320 1801 ruit.
358 1737 565 1822 Freitagii
583 1735 704 1800 scholas
720 1737 759 1798 de
774 1739 968 1818 grammatica
987 1737 1135 1813 Arabum,
1157 1741 1225 1801 Vul-

244 1844 326 1908 lcraii
345 1845 384 1906 de
399 1845 500 1928 genesi
517 1853 548 1906 et
567 1843 688 1927 psalmia
708 1844 911 1928 frequentavi.
955 1847 1158 1908 Germanicae
1176 1847 1226 1909 lin-

241 1967 320 2034 guae
344 1953 476 2014 indolem
520 1945 552 2010 in
589 1942 1057 2033 universum'schlegeliu's
1097 1955 1226 2038 explica-

244 2059 466 2140 batantiquae
478 2055 701 2116 Germanorum
724 2054 844 2137 linguae
864 2055 1036 2119 rudimenta
1051 2059 1098 2120 Di
1111 2063 1225 2123 erius.

244 2157 446 2227 Bern'dina
468 2159 678 2243 diplomaticae
697 2161 771 2222 artis
793 2151 898 2224 omnes
921 2169 1033 2246 partes',
1059 2165 1226 2230 Diezius

246 2267 475 2353 grammaticam
497 2263 641 2338 italicam,
657 2267 787 2327 *Strati
799 2268 807 2328 Ι
818 2255 1041 2352 ἰὶιε»αηςῙίξαιη
1059 2291 1109 2332 me
1122 2273 1226 2337 docue-

239 2386 327 2442 :rnna
359 2371 1004 2456 -semiuerli·pbilologici,‘·²llelnrichio
1023 2385 1055 2439 et
1076 2376 1224 2444 Naekio

237 2482 479 2561 moderantibus,
490 2484 586 2546 socius
596 2473 769 2546 ordinarius
785 2483 837 2546 l'oi.
859 2485 906 2548 De
919 2485 1043 2550 historia
1061 2494 1225 2574 artis‘grae·

236 2603 400 2674 creatque
409 2591 449 2652 dc
462 2581 635 2673 picturis'er‘
646 2590 820 2672 anaglyphis
832 2591 971 2656 veterum
979 2597 1026 2658 ·W
1031 2595 1225 2660 elatarum

236 2699 346 2763 audiet
365 2697 576 2760 cinnamon.
594 2683 597 2736 Ϊ
617 2696 762 2777 Denique·
777 2709 873 2788 artem
895 2704 1047 2778 musicam,
1069 2704 1093 2764 si
1114 2705 1161 2766 fas
1184 2719 1225 2768 est

241 2809 273 2867 in
302 2809 365 2866 vitu
378 2819 464 2867 ⁴'carru
485 2815 555 2865 rem
578 2820 834 2884 commemorare,
875 2809 1036 2890 quaerite
1057 2807 1178 2873 dulcior
1196 2828 1224 2877 et

241 2903 419 2981 carioraest,
441 2909 520 2970 inter
541 2909 639 2970 studia
662 2921 724 2970 non¹
739 2911 865 2994 neglexi.
886 2922 889 2929 '

235 3029 252 3048 ·’
322 3014 476 3095 Dcacrlpai
496 3015 620 3075 nomilia
642 3033 741 3076 rerum
752 3064 761 3094 ,
792 3031 902 3102 quas‘a
920 3025 1164 3102 praeceptoribus
1183 3029 1225 3090 di·

243 3118 320 3181 dici:
346 3115 510 3196 ¹Quantum
536 3117 584 3180 his
608 3119 733 3183 debeam
762 3133 793 3184 et
822 3125 970 3188 amicitiae
1000 3129 1145 3194 beneficia
1173 3137 1226 3216 qui

240 3219 471 3292 desinamus?
517 3222 578 3288 Sed
600 3226 691 3290 lic‘eat
722 3218 971 3293 amicissimorum
1001 3239 1136 3299 virorum
1168 3263 1225 3303 no·

238 3337 322 3408 mitia
350 3335 464 3399 iterare
494 3333 748 3413 Heinrichii,
778 3335 954 3419 Naekii,
975 3343 1222 3427 waic-ieri,

238 3440 413 3503 Brendis
426 3443 440 3502 i
448 3445 466 3508 i.
1152 3449 1156 3460 ’
