2556 4696
630 449 810 509 ...g-

221 637 272 691 ast.
316 627 376 688 Aut
396 626 479 688 cuim
498 629 624 694 omuino
649 647 708 688 non
730 635 871 688 accurate
892 643 956 687 rem
973 623 1122 706 exposuit,
1146 632 1207 685 aut

221 753 310 794 voces
328 732 498 796 Democriti
532 736 628 796 sciens
658 737 701 794 ita
731 734 865 794 crationi
894 751 964 792 suae
990 731 1137 806 inscruit,
1173 741 1211 792 ut

221 848 358 900 nostram
380 839 423 900 rei
443 839 645 922 cognitionem
664 837 840 900 turbaverit.
881 835 989 916 Quid?
1030 835 1207 900 Audaciam

220 960 319 1004 meam
347 962 481 1005 accusas·
497 945 546 1006 vel
575 943 728 1026 ineptiam.
778 942 846 1024 Ego
875 941 1087 1019 veredicum,
1120 942 1209 1024 qood

219 1049 334 1111 sentio«
366 1051 559 1111 Democritus
579 1043 728 1132 ἔμφασιν,
749 1045 975 1132 ἒμφαιττσθαι,
996 1049 1122 1109 usitatas
1146 1048 1205 1108 ho·

221 1158 388 1220 minumae
401 1155 650 1238 philosophorum
668 1177 771 1234 voces,
787 1158 829 1218 ita
850 1153 1010 1232 retinebat,
1030 1165 1066 1215 ut
1084 1165 1205 1216 certum

220 1265 396 1325 censuariis
422 1285 461 1326 cx
482 1263 621 1326 doctriua
643 1245 697 1326 sua
719 1263 879 1326 tribueret.
930 1262 1049 1324 Revera
1077 1283 1201 1322 amnem

221 1363 360 1450 ἔμφασιν
379 1367 474 1432 solvit
502 1371 532 1430 io
555 1373 697 1453 imagines
727 1392 782 1454 per
805 1371 895 1431 airis-r
908 1367 1138 1452 impressionem
1163 1369 1204 1430 ad
1267 1371 1268 1380 ’

221 1473 324 1536 ocutos
342 1497 438 1559 usquc
459 1479 692 1561 progredientes.
734 1482 840 1560 Neque
858 1479 900 1538 ita
923 1475 1118 1559 cogitandum
1146 1487 1203 1552 ast,

218 1575 381 1664 imaginem
413 1585 459 1645 rei
483 1585 576 1646 semel
591 1586 629 1645 'iu
643 1587 723 1647 'aire
746 1584 872 1646 dcrrsato
906 1593 1051 1666 tanquam
1074 1581 1105 1641 in
1128 1601 1202 1642 cera

217 1686 369 1767 inprimi,
403 1689 472 1753 dein
503 1694 582 1754 hanc
606 1691 840 1774 'impressionem
870 1688 966 1750 oculis
987 1685 1204 1770 ἐμφαίνεσθαι

219 1793 319 1874 (quod
337 1793 571 1877 ‚Theophrastus
602 1794 701 1856 dicere
726 1795 847 1856 videtur
879 1801 910 1870 ς.
933 1795 972 1884 59
993 1803 1024 1854 et
1045 1791 1082 1852 52
1101 1793 1203 1872 princ.

218 1916 249 1960 r.
271 1919 364 1978 supra
380 1901 445 1977 4.),·
468 1923 578 1964 verum,
598 1903 696 1980 imago
718 1899 782 1960 atri
803 1899 912 1960 leviter
934 1898 1132 1980 imprimitur,
1153 1907 1202 1956 at.

219 2024 279 2084 que
298 2023 333 2064 ca
352 2003 513 2082 impressio
540 2023 593 2082 per
614 2005 736 2078 aiirem,
771 2001 825 2083 qui
848 2009 895 2062 cst
925 2001 1047 2062 oculum
1069 2002 1146 2060 inter
1168 2013 1200 2061 et

219 2125 302 2187 ram,
314 2107 435 2170 ¹iterata
456 2109 647 2169 continenter
668 2108 875 2190 impressione,
896 2107 935 2167 ad
954 2106 1110 2168 ¹homiuem
1129 2127 1199 2188 per·

218 2193 337 2288 scitur,
358 2214 430 2290 ubi,
453 2213 492 2272 ab
512 2211 724 2274 humidiasima¹
737 2215 878 2294 corporis
898 2224 982 2294 parte
1004 2220 1147 2292 recepta,
1170 2215 1200 2272 iu

221 2321 352 2382 animem
377 2330 535 2402 penetrat,
561 2339 639 2402 quac
658 2340 717 2402 per
734 2329 832 2380 totum
855 2339 965 2400 corpus
985 2318 1118 2398 dispersa
1145 2330 1199 2382 cst.

221 2429 285 2488 lam
306 2438 342 2488 ut
360 2431 460 2510 imago
481 2429 545 2489 aiiri
566 2428 709 2510 impresso
729 2436 796 2488 tota
813 2425 981 2509 etriotegra
1010 2425 1050 2487 ad
1068 2428 1201 2489 animam

218 2533 496 2616 perveniat5quod
517 2533 600 2595 circa
621 2533 743 2594 oculum
762 2544 825 2606 est,
839 2531 1073 2607 solidissimum,
1102 2535 1201 2616 ipsum

221 2640 345 2700 oculum
379 2617 528 2700 σι..οάιυί
556 2649 763 2721 partexquam
795 2641 924 2702 maxima
954 2631 1201 2703 humidum'essc

221 2759 354 2827 oportet.
390 2747 560 2828 *Soleopus
582 2757 625 2806 est
641 2745 681 2806 ad
702 2744 886 2826 videndum,
919 2747 990 2830 quia
1013 2751 1112 2810 amem
1130 2755 1199 2806 tan·

174 2905 176 2912 .
217 2864 283 2913 tum
306 2852 445 2926 densat,.
460 2863 609 2934 quantum
627 2853 698 2912 satis
711 2857 784 2930 esti
817 2862 852 2912 ut
873 2851 998 2912 omnino
1017 2853 1197 2945 imago'laiiri

218 2959 559 3039 impressaparmencre
579 2969 608 3018 et
619 2958 656 3028 ad
672 2959 778 3018 oculos
798 2961 957 3040 pervenire
968 2961 1082 3040 possit3
1105 2969 1194 3020 noctu

217 3047 515 3147 impressionemfncc
535 3085 656 3124 manare
679 3085 733 3125 nec
754 3066 926 3148 procedere.
977 3067 1070 3144 Quod
1095 3077 1195 3130 autem

215 3169 436 3254 magnitudines
455 3189 558 3232 rerum
578 3178 609 3229 et
637 3167 800 3240 intervalla
833 3189 887 3251 per
906 3167 1065 3232 oculorum
1095 3194 1193 3253 augo.

215 3281 286 3340 stias
317 3288 504 3358 penetrant,
536 3277 831 3360 hoc-'imagunculae
855 3276 933 3339 illae
965 3280 1127 3341 ostendunt
1156 3297 1191 3336 ac

151 3443 154 3450 .
214 3386 363 3469 probant,
384 3405 486 3468 quae
503 3405 622 3467 semper
649 3387 682 3446 in
703 3386 799 3448 oculis
828 3387 1016 3448 cernemmm
1043 3384 1190 3447 ridentur.

214 3493 491 3576 (Hoc'Simplioius
515 3495 553 3556 de
572 3505 652 3558 sens.
674 3504 706 3558 et
728 3493 836 3557 scncib.
858 3506 962 3566 narrat
988 3497 1082 3574 f.97·
1102 3509 1130 3558 a.
1149 3526 1189 3541 -

214 3589 264 3673 ori¹
281 3599 448 3682 τεκμήριον
480 3597 755 3684 supernarratas*
778 3598 828 3663 a'ct'
847 3599 909 3664 scir
931 3598 1072 3686 ὁρώντων
1101 3596 1135 3660 ἐν
1152 3599 1190 3684 τῇ

213 3707 290 3791 καρῇ
310 3699 389 3768 εἶναι
422 3703 477 3790 τὴν
490 3735 494 3750 ·
507 3707 565 3768 τοῦ
598 3705 758 3788 ὁρωμένου
794 3701 934 3791 ἔμφασιν
962 3703 1016 3766 καί
1035 3695 1186 3774 faiiiccicv·

212 3811 305 3894 idque
325 3817 448 3876 sortasse
470 3813 792 3898 Theophrastuadicit
808 3820 851 3889 ·§.
872 3814 913 3892 54
932 3814 980 3873 fic.
1012 3805 1065 3872 τὰ.
1079 3809 1115 3874 δὲ
1133 3829 1185 3890 με·

213 3915 290 3999 γε’θη
315 3921 368 3983 καί
385 3914 423 3983 τὰ
444 3919 642 4002 διαστήματα
663 3923 730 3994 πῶς
750 3920 949 4005 inperitiam
972 3919 1098 4002 Κατάτρ
1116 3916 1183 3981 a‘nr·

211 4020 361 4106 χειρήσας
381 4029 479 4110 λέγειν
497 4025 637 4098 ataenis
653 4025 855 4107 tuccitano)
